@article{AnandkumarEtal:community12,
 author    = {A. Anandkumar and R. Ge and
                D. Hsu and
               S. M. Kakade},
  title     = {{A Tensor Spectral Approach to Learning Mixed
  Membership Community Models}},
   journal={ArXiv 1302.2684},
  month={Feb.},
  year={2013}
     }


@article{AnandkumarEtal:tensor12,
 author    = {A. Anandkumar and R. Ge and
                D. Hsu and
               S. M. Kakade and
               M. Telgarsky},
  title     = {{Tensor Methods for Learning Latent Variable Models}},
   journal={Available at  arXiv:1210.7559},
  month={Oct.},
  year={2012}
     }
